@article{box1970distribution,
  title = {Distribution of residual autocorrelations in autoregressive-integrated moving average time series models},
  author = {Box, George E P and Pierce, David A},
  journal = {Journal of the American Statistical Association},
  volume = {65},
  number = {332},
  pages = {1509--1526},
  year = {1970},
  url = {https://doi.org/10.2307/2284333},
  publisher = {Taylor \& Francis}
}

@article{ljung1978measure,
  title = {On a measure of lack of fit in time series models},
  author = {Ljung, Greta M and Box, George E P},
  journal = {Biometrika},
  volume = {65},
  number = {2},
  pages = {297--303},
  year = {1978},
  url = {https://doi.org/10.2307/2335207},
  publisher = {Oxford University Press}
}